<?xml version='1.0' encoding='UTF-8'?>
<record xmlns="http://www.loc.gov/MARC21/slim">
  <leader>01259cam a22002531a 4500</leader>
  <controlfield tag="001">1533536</controlfield>
  <controlfield tag="003">NjP</controlfield>
  <controlfield tag="005">20170905111307.0</controlfield>
  <controlfield tag="008">961024s1961    iq a          000 0 ara d</controlfield>
  <datafield tag="024" ind1="7" ind2=" ">
    <subfield code="a">princeton_aco002437</subfield>
    <subfield code="2">local</subfield>
  </datafield>
  <datafield ind1=" " ind2=" " tag="010">
    <subfield code="a">   67001497 </subfield>
  </datafield>
  <datafield ind1=" " ind2=" " tag="035">
    <subfield code="a">(CStRLIN)MAHGBIY18711-B</subfield>
  </datafield>
  <datafield ind1=" " ind2=" " tag="035">
    <subfield code="a">(MH)MHBIY18711HU</subfield>
  </datafield>
  <datafield ind1=" " ind2=" " tag="035">
    <subfield code="9">CEU0248TS</subfield>
  </datafield>
  <datafield ind1=" " ind2=" " tag="035">
    <subfield code="a">1533536</subfield>
  </datafield>
  <datafield ind1=" " ind2=" " tag="040">
    <subfield code="a">MH</subfield>
    <subfield code="c">MH</subfield>
    <subfield code="d">CStRLIN</subfield>
    <subfield code="d">NjP</subfield>
  </datafield>
  <datafield ind1=" " ind2=" " tag="043">
    <subfield code="a">a-iq---</subfield>
  </datafield>
  <datafield ind1="1" ind2=" " tag="110">
    <subfield code="a">Iraq.</subfield>
    <subfield code="b">Wizārat al-Nafṭ.</subfield>
    <subfield code="0">http://id.loc.gov/authorities/names/n50065574</subfield>
  </datafield>
  <datafield ind1="1" ind2="0" tag="245">
    <subfield code="a">Bayān Wizārat al-Nafṭ al-ṣādir bi-tārīkh 17 Tashrīn al-Awwal 1961 ʻan natījat al-mufāwaḍāt maʻa sharikāt al-nafṭ al-ʻāmilah fī al-ʻIrāq wa-al-niṣṣ al-kāmil li-maḥḍar al-ijtimāʻāt al-thalāthah allatī ʻuqidat fī maqar siyādat al-zaʻīm al-amīn ʻAbd al-Karīm Qāsim bi-tārīkh 28 Aylūl wa 8 wa 11 Tashrīn al-Awwal 1961 bayna al-jānib al-ʻIrāqī wa-wafd sharikāt al-nafṭ.</subfield>
  </datafield>
  <datafield ind1=" " ind2=" " tag="260">
    <subfield code="a">[Baghdād :</subfield>
    <subfield code="b">s.n.,</subfield>
    <subfield code="c">1961]</subfield>
  </datafield>
  <datafield ind1=" " ind2=" " tag="300">
    <subfield code="a">48 p. :</subfield>
    <subfield code="b">ill. ;</subfield>
    <subfield code="c">26 cm.</subfield>
  </datafield>
  <datafield ind1=" " ind2="0" tag="650">
    <subfield code="a">Petroleum industry and trade</subfield>
    <subfield code="z">Iraq.</subfield>
    <subfield code="0">http://id.loc.gov/authorities/subjects/sh2008109134</subfield>
  </datafield>
  <datafield ind1=" " ind2=" " tag="948">
    <subfield code="a">jab/con</subfield>
  </datafield>
  <datafield ind1=" " ind2=" " tag="911">
    <subfield code="a">19980227</subfield>
  </datafield>
  <datafield ind1=" " ind2=" " tag="912">
    <subfield code="a">20000405033713.0</subfield>
  </datafield>
  <datafield ind1="0" ind2="0" tag="852">
    <subfield code="0">1766186</subfield>
    <subfield code="b">nec</subfield>
    <subfield code="t">1</subfield>
    <subfield code="h">HD9576.I722</subfield>
    <subfield code="i">I795 1961</subfield>
  </datafield>
  <datafield ind1=" " ind2=" " tag="959">
    <subfield code="a">2000-06-13 00:00:00 -0400</subfield>
  </datafield>
</record>
